@INPROCEEDINGS{prelim:nagar0, 
author={Nagar, K.K. and Bakos, J.D.}, 
booktitle=C_FPT,
title={A high-performance double precision accumulator}, 
year={2009}, 
month=dec, 
pages={500-503}}

@INPROCEEDINGS{prelim:nagar1, 
author={Nagar, K.K. and Bakos, J.D.}, 
booktitle=IEEE_C_FCCM, 
title={A Sparse Matrix Personality for the {Convey} {HC-1}}, 
year={2011}, 
month=may, 
pages={1-8}}

@techreport{prelim:bell,
    author = {Nathan Bell and Michael Garland},
    title = {Efficient Sparse Matrix-Vector Multiplication on {CUDA}},
    month = dec,
    year = "2008",
    institution = {Nvidia},
    type = {Technical Report},
    number = {NVR-2008-004},
}



@ARTICLE{prelim:burtscher, 
author={Burtscher, M. and Ratanaworabhan, P.}, 
journal = IEEE_J_C, 
title={FPC: A High-Speed Compressor for Double-Precision Floating-Point Data}, 
year= "2009",
month = jan,
volume={58}, 
number={1}, 
pages={18-31},}

@INPROCEEDINGS{prelim:cao, 
author={Wei Cao and Lu Yao and Zongzhe Li and Yongxian Wang and Zhenghua Wang}, 
booktitle=IEEE_C_ICCASM,
title={Implementing Sparse Matrix-Vector multiplication using {CUDA} based on a hybrid sparse matrix format}, 
year={2010}, 
month=oct,
pages={161-165},}

@manual{prelim:convey,
title = {Convey Reference Manual},
edition = {1.1},
organization = {Convey},
address = {Richardson, TX},
month = may,
year = {2012},
}

@techreport{prelim:davis0,
    author = {John D Davis and Eric S Chung},
    month = sep,
    number = {MSR-TR-2012-95},
    title = {SpMV: A Memory-Bound Application on the GPU Stuck Between a Rock and a Hard Place},
    year = {2012},
    institution = {Microsoft}
}

@article{prelim:davis1,
author = {T. A. Davis and Y. Hu},
title = {The University of Florida Sparse Matrix Collection},
journal = ACM_J_MS,
volume = {38},
number = {1},
year = {2011},
url = {http://www.cise.ufl.edu/research/sparse/matrices},}

@inproceedings{prelime:deLorimier,
 author = {deLorimier, Michael and DeHon, Andr{\'e}},
 title = {Floating-point sparse matrix-vector multiply for {FPGA}s},
 booktitle = ACM_C_FPGA,
 year = {2005},
 pages = {75-85},
} 

@mastersthesis{prelim:gerards,
           month = aug,
           title = {Streaming reduction circuit for sparse matrix
vector multiplication in {FPGA}s},
          author = {M. Gerards},
	  school = {University of Twente},
            year = {2008},
}

@article{prelim:goldberg,
 author = {Goldberg, David},
 title = {What every computer scientist should know about floating-point arithmetic},
 journal = ACM_J_CS,
 volume = {23},
 number = {1},
 month = mar,
 year = {1991},
 pages = {5-48},
 publisher = {ACM},
 address = {New York, NY},
}
@INPROCEEDINGS{prelim:goumas, 
author={Goumas, G. and Kourtis, K. and Anastopoulos, N. and Karakasis, V. and Koziris, N.}, 
booktitle=C_PDP,
title={Understanding the Performance of Sparse Matrix-Vector Multiplication}, 
year={2008}, 
month=feb,
pages={283 -292},}

@phdthesis{prelim:im,
    Author = {Im, EunJin},
    Title = {Optimizing the Performance of Sparse Matrix-Vector Multiplication},
    School = {University of California, Berkeley},
    Year = {2000},
    Month = jun,
}


@manual{prelim:intel,
	title = {Intel Math Kernel Library Reference Manual},
	edition = {11},
	organization = {Intel},
	year = {2012},
	url = {http://software.intel.com/}
}

 


@INPROCEEDINGS{prelim:karakasis, 
author={Karakasis, V. and Goumas, G. and Koziris, N.}, 
booktitle=SIAM_C_CSE,
title={A Comparative Study of Blocking Storage Methods for Sparse Matrices on Multicore Architectures}, 
year={2009}, 
month=aug,
pages={247-256},}


@INPROCEEDINGS{prelim:kourtis, 
author={Kourtis, K. and Goumas, G. and Koziris, N.}, 
booktitle=C_ICPP,
title={Improving the Performance of Multithreaded Sparse Matrix-Vector Multiplication Using Index and Value Compression}, 
year={2008}, 
month=sep, 
pages={511-519}}

@misc{prelim:matrixmarket,
title={{Matrix Market}},
organization={National Institute of Science and Technology},
url={math.nist.gov/MatrixMarket},}

@inproceedings{prelim:monakov,
author={Alexander Monakov},
booktitle=C_GTC,
title={Specialized Sparse Matrix Formats and {SpMV} Kernel Tuning for {GPU}s},
year={2012},
month=may}

@techreport{prelim:page,
          number = {1999-66},
           month = nov,
          author = {Lawrence Page and Sergey Brin and Rajeev Motwani and Terry Winograd},
           title = {The PageRank Citation Ranking: Bringing Order to the Web},
            type = {Technical Report},
       publisher = {Stanford},
            year = {1999},
     institution = {Stanford},
}


@article{prelim:sato,
    author = {Sato, Daisuke and  Yuanfang Xie and James N. Weiss and Zhilin Qu and Alan Garfinkel and Allen R. Sanderson},
    journal = J_MBEC,
    month = sep,
    number = {9},
    pages = {1011-1015},
    publisher = {Springer Berlin / Heidelberg},
    title = {{Acceleration of cardiac tissue simulation with graphic processing units}},
    volume = {47},
    year = {2009}
}

@inproceedings{prelim:sazeides,
 author = {Sazeides, Yiannakis and Smith, James E.},
 title = {The predictability of data values},
 booktitle = IEEE_C_MICRO,
 year = {1997},
 pages = {248-258},
} 


@INPROCEEDINGS{prelim:schubert, 
author={Schubert, G. and Hager, G. and Fehske, H. and Wellein, G.}, 
booktitle=IEEE_C_IPDPSW,
title={Parallel Sparse Matrix-Vector Multiplication as a Test Case for Hybrid {MPI}+{OpenMP} Programming}, 
year={2011}, 
month=may, 
pages={1751-1758}}

@INPROCEEDINGS{prelim:sun, 
author={Junqing Sun and Peterson, G. and Storaasli, O.}, 
booktitle=IEEE_C_FCCM, 
title={Sparse Matrix-Vector Multiplication Design on {FPGA}s}, 
year={2007}, 
month=apr, 
pages={349-352}}




@INPROCEEDINGS{prelim:sun1, 
author={Song Sun and Zambreno, J.}, 
booktitle=C_FPT, 
title={A floating-point accumulator for {FPGA}-based high performance computing applications}, 
year={2009}, 
month=dec, 
pages={493-499},} 

@ARTICLE{prelim:sun2, 
author={Song Sun and Monga, M. and Jones, P.H. and Zambreno, J.}, 
journal=IEEE_J_CASI_RP,
title={An {I/O} Bandwidth-Sensitive Sparse Matrix-Vector Multiplication Engine on {FPGA}s}, 
year={2012}, 
volume={59}, 
number={1}, 
pages={113-123}}


@ARTICLE{prelim:vangal, 
author={Vangal, S.R. and Hoskote, Y.V. and Borkar, N.Y. and Alvandpour, A.}, 
journal=IEEE_J_JSSC, 
title={A 6.2-{GFlops} Floating-Point Multiply-Accumulator With Conditional Normalization}, 
year={2006}, 
month=oct, 
volume={41}, 
number={10}, 
pages={2314-2323},} 

@manual{prelim:virtex5,
title = {Virtex-5 Family Overview},
howpublished = {DS100},
edition = {5.0},
organization = {Xilinx},
month = feb,
year = {2009},
}

@manual{prelim:virtex6,
title = {Virtex-6 Family Overview},
howpublished = {DS150},
edition = {2.4},
organization = {Xilinx},
month =jan,
year = {2012},}

@INPROCEEDINGS{prelim:wang, 
author={Ying Wang and Hongping Yan and Chunhong Pan and Shiming Xiang}, 
booktitle=IEEE_C_ICASSP, 
title={Image editing based on Sparse Matrix-Vector multiplication}, 
year={2011}, 
month=may, 
pages={1317-1320}}

@inproceedings{prelim:Zhuo,
 author = {Zhuo, Ling and Prasanna, Viktor K.},
 title = {Sparse Matrix-Vector multiplication on {FPGA}s},
 booktitle = ACM_C_FPGA,
 year = {2005},
 pages = {63-74},
} 

@article{prelim:Burtscher,
    author = {Martin Burtscher and Panuj Ratanaworabhan},
journal = IEEE_J_C, 
title={{FPC}: A High-Speed Compressor for Double-Precision Floating-Point Data}, 
year= "2009",
month = jan,
volume={58}, 
number={1}, 
pages={18-31},}

@techreport{prelim:Burrows,
author = {Micheal Burrows and David J Wheeler},
title = {A block-sorting lossess data compression algorithm},
year = "1994",
month = may,
institution = {Systems Research Center},
type = {Technical Report},
number = {124},}

@inproceedings{prelim:Engelson,
author = {V Engelson and D Fritzson and P Fritzson},
title = {Lossless Compression of High-Volume Numerical Data from Simulations},
booktitle = C_DCC,
year = "2000",
month = mar,
pages={574-586},}

@inproceedings{prelim:Goeman,
author = {B Goeman and H Vandierendonck and K Bosschere},
title = {Differential {FCM}: Increasing Value Prediction Accuracy by Improving Table Usage Efficiency},
booktitle = IEEE_C_HPCA,
year = "2001",
month = jan,
pages = {207-216},}

@electronic{prelim:bzip,
title = {Official Home Page for {bzip2}},
url = {http://www.bzip.org/},
year = "2013",}

@electronic{prelim:gzip,
title = {The {gzip} home page},
url = {http://www.gzip.org/},
year = "2013",}

@inproceedings{prelim:Ke,
author = {J Ke and M Burtscher and E Speight},
title = {Runtime Compression of {MPI} Messages to Improve the Performance and Scalability of Parallel Applications},
booktitle = IEEE_C_SC,
year = "2004",
month = nov,
pages = {59-65},}

@inproceedings{prelim:Kourtis, 
author={K Kourtis and G Goumas and N Koziris}, 
booktitle=C_ICPP,
title={Improving the Performance of Multithreaded Sparse Matrix-Vector Multiplication Using Index and Value Compression}, 
year={2008}, 
month=sep, 
pages={511-519}}

@article{prelim:Lindstrom,
author = {P Lindstrom and M Isenburg},
title = {Fast and Efficient Compression of Floating-Point Data},
journal = IEEE_J_VCG,
year = "2006",
month = sep,
volume = {12},
number = {5},
pages = {1245-1250},}

@inproceedings{prelim:Lipasti,
author = {M H Lipasti and C B Wilkerson and J P Shen},
title = {Value Locality and Load Value Prediction},
booktitle = ACM_C_ASPLOS,
year = "1996",
month = oct,
pages = {138-147},}

@inproceedings{prelim:Ratanaworabhan,
author = {P Ratanaworabhan and J Ke and M Burtscher},
title = {Fast Lossless Compression of Scientific Floating-Point Data},
booktitle = C_DCC,
pages = {133-142},
year = "2006",
month = mar,}

@inproceedings{prelim:Sazeides,
author = {Y Sazeides and J E Smith},
title = {The Predictability of Data Values},
booktitle = IEEE_C_MICRO,
year = "1997",
month = dec,
pages = {248-258},}

@inproceedings{prelim:Schindler,
author = {M Schindler},
title = {A Fast Renormalisation for Arithmetic Coding},
booktitle = C_DCC,
pages = {572},
year = "1998",
month = mar,}

@inproceedings{prelim:townsend,
author = {Kevin Townsend and Joseph Zambreno},
title = {Reduce, Reuse, Recycle ({$R^3$}): a Design Methodology for Sparse Matrix Vector Multiplication on Reconfigurable Platforms},
booktitle = IEEE_C_ASAP,
year = "2013",
month = jun,
author = {Kevin Townsend and Joseph Zambreno},}

@book{prelim:Salomon,
author = {David Saloman and Giovanni Motta},
title = {Handbook of Data Compression},
publisher = {Springer},
address = {London},
year = "2010",
edition = {5},}

@inproceedings{prelim:Richter,
author = {Thomas Richter},
title = {Evaluation of Floating Point Image Compression},
booktitle = IEEE_C_ICIP,
year = "2009",
month = nov,
pages = {1909-1912},}

inproceedings{prelim:Padyana,
author = {Ajith Padyana and C D Sudheer and Pallav Kumar Baruah},
title = {High Throughput Compression of Floating Point Numbers on Graphical Processing Units},
booktitle = IEEE_C_PDGC,
year = "2012",
month = dec,
pages = {313-318},}
